<?xml version="1.0" encoding="UTF-8"?><record xmlns="http://www.loc.gov/MARC21/slim" xmlns:cinclude="http://apache.org/cocoon/include/1.0" xmlns:zs="http://www.loc.gov/zing/srw/">
  <leader>00648cz  a2200145n  4500</leader>
  <controlfield tag="001">n  79058567 </controlfield>
  <controlfield tag="003">DLC</controlfield>
  <controlfield tag="005">20090403074930.0</controlfield>
  <controlfield tag="008">790706n| acannaabn          |n aaa      </controlfield>
  <datafield tag="010" ind1=" " ind2=" ">
    <subfield code="a">n  79058567 </subfield>
  </datafield>
  <datafield tag="040" ind1=" " ind2=" ">
    <subfield code="a">DLC</subfield>
    <subfield code="c">DLC</subfield>
    <subfield code="d">DLC</subfield>
  </datafield>
  <datafield tag="100" ind1="1" ind2=" ">
    <subfield code="a">Kane, George</subfield>
  </datafield>
  <datafield tag="670" ind1=" " ind2=" ">
    <subfield code="a">His Middle English literature ... 1951.</subfield>
  </datafield>
  <datafield tag="670" ind1=" " ind2=" ">
    <subfield code="a">Medieval English studies presented to George Kane, 1988:</subfield>
    <subfield code="b">p. xi (b. 7/4/16 in Humboldt, Sask.)</subfield>
  </datafield>
  <datafield tag="670" ind1=" " ind2=" ">
    <subfield code="a">Times online WWW site, Apr. 2, 2009</subfield>
    <subfield code="b">(Professor George Kane; b. July 14, 1916, Humboldt, Sask.; d. Dec. 27, 2008; towering scholar among medievalists whose edition of Piers Plowman is a masterwork of Middle English scholarship)</subfield>
  </datafield>
</record>